@BOOK{Comrie1981,
  author = {Bernard Comrie},
  year = {1981},
  title = {Language Universals and Linguistic Typology},
  address = {Oxford},
  publisher = {Basil Blackwell} 
}

@BOOK{Chomsky1957,
  author = {Noam Chomsky},
  year = {1957},
  title = {Syntactic structures},
  address = {The Hague},
  publisher = {Mouton} 
}